@article{aitchison1957lognormal,
    title={The Lognormal Distribution},
    author={Aitchison, John and Brown, James AC},
    journal={Cambridge University Press},
    year={1957}
}

@article{battistin2009consumption,
    title={Why Is Consumption More Log Normal than Income? {G}ibrat's Law Revisited},
    author={Battistin, Erich and Blundell, Richard and Lewbel, Arthur},
    journal={Journal of Political Economy},
    volume={117},
    number={6},
    pages={1140--1154},
    year={2009}
}

@article{clementi2016some,
    title={A New Model of Income Distribution: The κ-Generalized Distribution},
    author={Clementi, Fabio and Gallegati, Mauro and Kaniadakis, Giorgio},
    journal={Journal of Economics},
    volume={105},
    number={6},
    pages={1--30},
    year={2016}
}

@article{chynplace,
Author = {Chyn, Eric and Katz, Lawrence F.},
Title = {Neighborhoods Matter: Assessing the Evidence for Place Effects},
Journal = {Journal of Economic Perspectives},
Volume = {35},
Number = {4},
Year = {2021},
Month = {November},
Pages = {197–222},
DOI = {10.1257/jep.35.4.197},
URL = {https://www.aeaweb.org/articles?id=10.1257/jep.35.4.197}}

@article{gabaix2016power,
  title={Power laws in economics: An introduction},
  author={Gabaix, Xavier},
  journal={Journal of Economic Perspectives},
  volume={30},
  number={1},
  pages={185--206},
  year={2016}
}

@article{atkinson2011top,
  title={Top incomes in the long run of history},
  author={Atkinson, Anthony B and Piketty, Thomas and Saez, Emmanuel},
  journal={Journal of Economic Literature},
  volume={49},
  number={1},
  pages={3--71},
  year={2011}
}

@book{pareto1896cours,
  title={Cours d'{\'{e}}conomie politique},
  author={Pareto, Vilfredo},
  year={1896},
  publisher={Droz}
}

@incollection{durlauf2004neighborhood,
    title={Neighborhood effects},
    author={Durlauf, Steven N},
    booktitle={Handbook of Regional and Urban Economics},
    volume={4},
    pages={2173--2242},
    year={2004},
    publisher={Elsevier}
}

@book{gibrat1931inegalites,
    title={Les in{\'e}galit{\'e}s {\'e}conomiques},
    author={Gibrat, Robert},
    year={1931},
    publisher={Librairie du Recueil Sirey}
}

@article{manski1993identification,
  title={Identification of Endogenous Social Effects: The Reflection Problem},
  author={Manski, Charles F.},
  journal={The Review of Economic Studies},
  volume={60},
  number={3},
  pages={531--542},
  year={1993},
  publisher={Oxford University Press}
}

@article{durlauf1996neighborhoods,
  title={A Theory of Persistent Income Inequality},
  author={Durlauf, Steven N.},
  journal={Journal of Economic Growth},
  volume={1},
  number={1},
  pages={75--93},
  year={1996},
  publisher={Springer}
}

@article{granovetter1973strength,
  title={The Strength of Weak Ties},
  author={Granovetter, Mark S.},
  journal={American Journal of Sociology},
  volume={78},
  number={6},
  pages={1360--1380},
  year={1973},
  publisher={University of Chicago Press}
}

@article{chetty2016effects,
  title={The Effects of Exposure to Better Neighborhoods on Children: New Evidence from the Moving to Opportunity Experiment},
  author={Chetty, Raj and Hendren, Nathaniel and Katz, Lawrence F.},
  journal={American Economic Review},
  volume={106},
  number={4},
  pages={855--902},
  year={2016},
  publisher={American Economic Association}
}


@techreport{lopez2006normal,
    title={A Normal Relationship? Poverty, Growth, and Inequality},
    author={Lopez, J Humberto and Serv{\'e}n, Luis},
    institution={World Bank},
    type={Policy Research Working Paper},
    number={3814},
    year={2006}
}

@article{mitzenmacher2004brief,
    title={A Brief History of Generative Models for Power Law and Lognormal Distributions},
    author={Mitzenmacher, Michael},
    journal={Internet Mathematics},
    volume={1},
    number={2},
    pages={226--251},
    year={2004}
}

@incollection{neal2000theories,
    title={Theories of the Distribution of Earnings},
    author={Neal, Derek and Rosen, Sherwin},
    booktitle={Handbook of Income Distribution},
    volume={1},
    pages={379--427},
    year={2000},
    publisher={Elsevier}
}

@article{parker2012measuring,
    title={Theories of Entrepreneurship, Innovation and the Business Cycle},
    author={Parker, Simon C},
    journal={Journal of Economic Surveys},
    volume={26},
    number={3},
    pages={377--394},
    year={2012}
}

@book{sampson2012great,
    title={Great {A}merican City: {C}hicago and the Enduring Neighborhood Effect},
    author={Sampson, Robert J},
    year={2012},
    publisher={University of Chicago Press}
}

@incollection{topa2015neighborhood,
    title={Neighborhood and Network Effects},
    author={Topa, Giorgio and Zenou, Yves},
    booktitle={Handbook of Regional and Urban Economics},
    volume={5},
    pages={561--624},
    year={2015},
    publisher={Elsevier}
}